@MISC{pythonzen,
author = {Peters, Tim},
title = {The Zen of Python},
month = {Aug},
year = {2004},
url = {http://www.python.org/dev/peps/pep-0020/}
}

@MISC{literals, 
	author = {Dennie Van Tassel}, 
	title = {Literals in Programming Languages}, 
	year = {2004}, 
	month = {?}, 
	url= {http://www.gavilan.edu/csis/languages/literals.html}
}                    

@misc{mertelli, 
	author={Alex Mertelli}, 
	title={Re: Type checking in Python?},                                           
	year={2000}, 
	month={Jul},
	url={http://groups.google.com/group/comp.lang.python/msg/e230ca916be58835?hl=en&}
}

@MISC{rubyphil,
author = {Venners, Bill},
title = {The Philosophy of Ruby - interview with Yukihiro Matsumoto},
month = {Sep},
year = {2003},
url = {http://www.artima.com/intv/ruby.html}
}                                                             
@MISC{linuxdev, 
	author={Bruce Stewart}, 
	year={2001}, 
	month={Nov}, 
	title={An Interview with the Creator of Ruby},
	url={http://linuxdevcenter.com/pub/a/linux/2001/11/29/ruby.html}
}

@MISC{pythondesign,
author = {Venners, Bill},
title = {Python's Design Goals - interview with Guido van Rossum},
month = {Jan},
year = {2003},
url = {http://www.artima.com/intv/pyscale.html }
}

@book{craig,
  title={The Interpretation of Object-Oriented Programming Languages 2 ed.},
  author={Craig, Iain},
  isbn={1-85233-547-5},
  year={2002}, 
  publisher={Springer}
}

@techreport{good_ideas, 
	author={Niklaus Wirth}, 
	title={Good Ideas, Through the Looking Glass}, 
	year={2005}, 
	institution={Swiss Federal Institute of Technology - Department of Computer Science}
}        

@proceedings{testfirst, 
	author={Hakan Erdogmus}, 
	title={On the Effectiveness of Test-first Approach to Programming, Proceedings of the IEEE Transactions on Software Engineering}, 
	year={2005},     
	organization={NRC Institute for Information Technology},
	publisher={NRC Institute for Information Technology},
	volume={31(1)}
}           

@proceedings{genetic,
  editor    = {Maarten Keijzer and
               Una-May O'Reilly and
               Simon M. Lucas and
               Ernesto Costa and
               Terence Soule},
  title     = {Genetic Programming, 7th European Conference, EuroGP2004,
               Coimbra, Portugal, April 5-7, 2004, Proceedings},
  booktitle = {Exploiting Reflection in Object Oriented Genetic Programming},
  publisher = {Springer},
  series    = {Lecture Notes in Computer Science},
  volume    = {3003},
  year      = {2004},
  isbn      = {3-540-21346-5},
  bibsource = {DBLP, http://dblp.uni-trier.de}
}

@article{real_world_modelling, 
	title={Object-oriented real-world modeling revisited}, 
	author={Sadahiro Isoda}, 
	year={2001}, 
	journal={Journal of Systems and Software}, 
	volume={59}, 
	number={2}
}                                                    

@conference{roitest,
  author={Frank Padberg and Matthias M{\"u}ller},
  type={publikation},
  title={About the Return on Investment of Test-driven Development},
  booktitle={ICSE-Workshop on Economics-Driven Software Engineering Research EDSER},
  year=2003,
  month=May,
  pages={26-31},
  url={/Tichy/uploads/publikationen/35/edser03.pdf},
}

@book{metaruby, 
	author={Paolo Perrotta}, 
	title={Metaprogramming Ruby}, 
	publisher={The Pragmatic Programmers LLC}, 
	year={2009}, 
	
}

